
@article{teixeira_single_2021,
	title = {A single active ring model with velocity self-alignment},
	volume = {17},
	issn = {1744-6848},
	url = {https://pubs.rsc.org/en/content/articlelanding/2021/sm/d1sm00080b},
	doi = {10.1039/D1SM00080B},
	pages = {5991--6000},
	number = {24},
	journal = {Soft Matter},
	shortjournal = {Soft Matter},
	author = {Teixeira, E. F. and Fernandes, H. C. M. and Brunnet, L. G.},
	urldate = {2023-09-14},
	year = {2021},
	langid = {english},
	Tnote = {Publisher: The Royal Society of Chemistry},
	file = {d1sm00080b.pdf:/home/marcos/Zotero/storage/QZTXLLTN/d1sm00080b.pdf:application/pdf;Supplementary Information PDF:/home/marcos/Zotero/storage/VKYYTF9F/Teixeira et al. - 2021 - A single active ring model with velocity self-alig.pdf:application/pdf},
}

@article{vicsek_novel_1995,
	title = {Novel type of phase transition in a system of self-driven particles},
	volume = {75},
	issn = {0031-9007, 1079-7114},
	url = {http://arxiv.org/abs/cond-mat/0611743},
	doi = {10.1103/PhysRevLett.75.1226},
	pages = {1226--1229},
	number = {6},
	journal = {Physical Review Letters},
	shortjournal = {Phys. Rev. Lett.},
	author = {Vicsek, T. and Czirok, A. and Ben-Jacob, E. and Cohen, I. and Sochet, O.},
	urldate = {2023-07-27},
	year = {1995},
	eprinttype = {arxiv},
	eprint = {cond-mat/0611743},
	keywords = {Condensed Matter - Statistical Mechanics, point},
	file = {arXiv Fulltext PDF:/home/marcos/Zotero/storage/W2XVZBLC/Vicsek et al. - 1995 - Novel type of phase transition in a system of self.pdf:application/pdf;arXiv.org Snapshot:/home/marcos/Zotero/storage/FZWID93L/0611743.html:text/html},
}

@article{gregoire_moving_2003,
	title = {Moving and staying together without a leader},
	volume = {181},
	issn = {0167-2789},
	url = {https://www.sciencedirect.com/science/article/pii/S0167278903001027},
	doi = {10.1016/S0167-2789(03)00102-7},
	pages = {157--170},
	number = {3},
	journal = {Physica D: Nonlinear Phenomena},
	shortjournal = {Physica D: Nonlinear Phenomena},
	author = {Grégoire, G. and Chaté, H. and Tu, Y.},
	urldate = {2023-07-25},
	year = {2003},
	langid = {english},
	keywords = {Cohesive flock, Collective motion, First-order phase transition, Vicsek’s model, point},
	file = {ScienceDirect Full Text PDF:/home/marcos/Zotero/storage/HYKWPGSP/Grégoire et al. - 2003 - Moving and staying together without a leader.pdf:application/pdf;ScienceDirect Snapshot:/home/marcos/Zotero/storage/E2G42D4Q/S0167278903001027.html:text/html},
}

@article{szabo_phase_2006,
	title = {Phase transition in the collective migration of tissue cells: experiment and model},
	volume = {74},
	issn = {1539-3755},
	doi = {10.1103/PhysRevE.74.061908},
	shorttitle = {Phase transition in the collective migration of tissue cells},
	pages = {061908},
	number = {6},
	journal = {Physical Review. E, Statistical, Nonlinear, and Soft Matter Physics},
	shortjournal = {Phys Rev E Stat Nonlin Soft Matter Phys},
	author = {Szabó, B. and Szöllösi, G. J. and Gönci, B. and Jurányi, Z. and Selmeczi, D. and Vicsek, T.},
	year = {2006},
	pmid = {17280097},
	keywords = {Animals, Cell Aggregation, Cell Communication, Cells, Cultured, Computer Simulation, Goldfish, Keratinocytes, Models, Biological, Phase Transition, point},
	file = {Submitted Version:/home/marcos/Zotero/storage/JBJY4WPJ/Szabó et al. - 2006 - Phase transition in the collective migration of ti.pdf:application/pdf},
}

@article{beatrici_comparing_2023,
	title = {Comparing individual-based models of collective cell motion in a benchmark flow geometry},
	volume = {19},
	issn = {1744-683X, 1744-6848},
	url = {http://xlink.rsc.org/?DOI=D3SM00187C},
	doi = {10.1039/D3SM00187C},
	pages = {5583--5601},
	number = {29},
	journal = {Soft Matter},
	shortjournal = {Soft Matter},
	author = {Beatrici, C. and Kirch, C. and Henkes, S. and Graner, F. and Brunnet, L. G.},
	urldate = {2024-01-09},
	year = {2023},
	langid = {english},
	file = {Beatrici et al. - 2023 - Comparing individual-based models of collective ce.pdf:/home/marcos/Zotero/storage/J4IPZB54/Beatrici et al. - 2023 - Comparing individual-based models of collective ce.pdf:application/pdf},
}

@article{teixeira_segregation_2024,
	title = {Segregation in binary mixture with differential contraction among active rings},
	url = {https://arxiv.org/abs/2409.02814v1},
	titleaddon = {{arXiv}.org},
	author = {Teixeira, E. F. and Beatrici, C. and Fernandes, H. C. M. and Brunnet, L. G.},
	journal = {arXiv preprint},
        eprint = {2409.02814v1},
        archivePrefix = {arXiv},
        urldate = {2024-09-19},
	year = {2024},
	langid = {english},
        url= {https://arxiv.org/abs/2409.02814v1},
	file = {Full Text PDF:/home/marcos/Zotero/storage/66QYPQRX/Teixeira et al. - 2024 - Segregation in binary mixture with differential co.pdf:application/pdf},
}

@article{hormann_point_2001,
	title = {The point in polygon problem for arbitrary polygons},
	volume = {20},
	issn = {0925-7721},
	url = {https://www.sciencedirect.com/science/article/pii/S0925772101000128},
	doi = {10.1016/S0925-7721(01)00012-8},
	pages = {131--144},
	number = {3},
	journal = {Computational Geometry},
	shortjournal = {Computational Geometry},
	author = {Hormann, K. and Agathos, A.},
	urldate = {2024-11-10},
	year = {2001},
	keywords = {Computational geometry, Integer algorithms, Point containment, Polygons, Winding number},
	file = {Hormann and Agathos - 2001 - The point in polygon problem for arbitrary polygon.pdf:/home/marcos/Zotero/storage/XXF8ZG3M/Hormann and Agathos - 2001 - The point in polygon problem for arbitrary polygon.pdf:application/pdf;ScienceDirect Snapshot:/home/marcos/Zotero/storage/FBMX2XJF/S0925772101000128.html:text/html},
}

@article{seibold_computational_2021,
	title = {A computational reproducibility study of {PLOS} {ONE} articles featuring longitudinal data analyses},
	volume = {16},
	issn = {1932-6203},
	url = {https://journals.plos.org/plosone/article?id=10.1371/journal.pone.0251194},
	doi = {10.1371/journal.pone.0251194},
	pages = {e0251194},
	number = {6},
	journal = {{PLOS} {ONE}},
	shortjournal = {{PLOS} {ONE}},
	author = {Seibold, H. and Czerny, S. and Decke, S. and et al.},
	urldate = {2024-11-14},
	year = {2021},
	langid = {english},
	Tnote = {Publisher: Public Library of Science},
	keywords = {Alcohol consumption, Computer software, Marijuana, Open source software, Preprocessing, Reproducibility, Source code, Statistical models},
	file = {Full Text PDF:/home/marcos/Zotero/storage/9AGVX388/Seibold et al. - 2021 - A computational reproducibility study of PLOS ONE .pdf:application/pdf},
}

@techreport{collberg_measuring_2014,
	title = {Measuring reproducibility in computer systems research.},
	url = {http://reproducibility.cs.arizona.edu/v1/tr.pdf},
	number = {37},
	institution = {Department of Computer Science, University of Arizona},
	type = {Technical},
	author = {Collberg, C. and Proebsting, T. and Moraila, G. and Shankaran, A. and Shi, Z. and Warren, A.},
	year = {2014},
	file = {Collberg et al. - 2014 - Measuring reproducibility in computer systems rese.pdf:/home/marcos/Zotero/storage/67B4XRTC/Collberg et al. - 2014 - Measuring reproducibility in computer systems rese.pdf:application/pdf},
}

@article{tiwari_reproducibility_2021,
	title = {Reproducibility in systems biology modelling},
	volume = {17},
	issn = {1744-4292},
	url = {https://www.embopress.org/doi/full/10.15252/msb.20209982},
	doi = {10.15252/msb.20209982},
	pages = {e9982},
	number = {2},
	journal = {Molecular Systems Biology},
	author = {Tiwari, K. and Kananathan, S. and Roberts, M. G. and et al.},
	urldate = {2024-11-15},
	year = {2021},
	Tnote = {Publisher: John Wiley \& Sons, Ltd},
	file = {Full Text:/home/marcos/Zotero/storage/Y452ICBZ/Tiwari et al. - 2021 - Reproducibility in systems biology modelling.pdf:application/pdf},
}

@article{bi_motility-driven_2016,
	title = {Motility-Driven Glass and Jamming Transitions in Biological Tissues},
	volume = {6},
	url = {https://link.aps.org/doi/10.1103/PhysRevX.6.021011},
	doi = {10.1103/PhysRevX.6.021011},
	pages = {021011},
	number = {2},
	journal = {Physical Review X},
	shortjournal = {Phys. Rev. X},
	author = {Bi, D. and Yang, X. and Marchetti, M. C. and Manning, M. L.},
	urldate = {2024-11-15},
	year = {2016},
	Tnote = {Publisher: American Physical Society},
	keywords = {voronoi},
	file = {APS Snapshot:/home/marcos/Zotero/storage/6GQANSDX/PhysRevX.6.html:text/html;Full Text PDF:/home/marcos/Zotero/storage/JLY8E9ZQ/Bi et al. - 2016 - Motility-Driven Glass and Jamming Transitions in B.pdf:application/pdf},
}

@article{barton_active_2017,
	title = {Active Vertex Model for cell-resolution description of epithelial tissue mechanics},
	volume = {13},
	issn = {1553-7358},
	url = {https://journals.plos.org/ploscompbiol/article?id=10.1371/journal.pcbi.1005569},
	doi = {10.1371/journal.pcbi.1005569},
	pages = {e1005569},
	number = {6},
	journal = {{PLOS} Computational Biology},
	shortjournal = {{PLOS} Computational Biology},
	author = {Barton, D. L. and Henkes, S. and Weijer, C. J. and Sknepnek, R.},
	urldate = {2024-11-15},
	year = {2017},
	langid = {english},
	Tnote = {Publisher: Public Library of Science},
	keywords = {Biophysical simulations, Cell cycle and cell division, Cell migration, Cell polarity, Mechanical tension, Phase diagrams, Solid-phase extraction, Wound healing, voronoi},
	file = {Full Text PDF:/home/marcos/Zotero/storage/TICTT8F5/Barton et al. - 2017 - Active Vertex Model for cell-resolution descriptio.pdf:application/pdf},
}

@article{kafer_moving_2006,
	title = {Moving Forward Moving Backward: Directional Sorting of Chemotactic Cells due to Size and Adhesion Differences},
	volume = {2},
	issn = {1553-7358},
	url = {https://journals.plos.org/ploscompbiol/article?id=10.1371/journal.pcbi.0020056},
	doi = {10.1371/journal.pcbi.0020056},
	shorttitle = {Moving Forward Moving Backward},
	pages = {e56},
	number = {6},
	journal = {{PLOS} Computational Biology},
	shortjournal = {{PLOS} Computational Biology},
	author = {Käfer, J. and Hogeweg, P. and Marée, A. F. M.},
	urldate = {2024-11-15},
	year = {2006},
	langid = {english},
	Tnote = {Publisher: Public Library of Science},
	keywords = {Cell membranes, Cell movement, Cellular types, Chemotaxis, Dictyostelium, Dictyostelium slug, Surface energy, Surface tension, potts},
	file = {Full Text PDF:/home/marcos/Zotero/storage/PPU5QE82/Käfer et al. - 2006 - Moving Forward Moving Backward Directional Sortin.pdf:application/pdf},
}

@article{kabla_collective_2012,
	title = {Collective cell migration: leadership, invasion and segregation},
	volume = {9},
	url = {https://royalsocietypublishing.org/doi/10.1098/rsif.2012.0448},
	doi = {10.1098/rsif.2012.0448},
	shorttitle = {Collective cell migration},
	pages = {3268--3278},
	number = {77},
	journal = {Journal of The Royal Society Interface},
	author = {Kabla, A. J.},
	urldate = {2024-11-15},
	year = {2012},
	Tnote = {Publisher: Royal Society},
	keywords = {potts, active matter, cell invasion, collective migration, epithelium, wound healing},
	file = {Full Text:/home/marcos/Zotero/storage/YIM35WZR/Kabla - 2012 - Collective cell migration leadership, invasion an.pdf:application/pdf},
}

@article{loewe_solid-liquid_2020,
	title = {Solid-Liquid Transition of Deformable and Overlapping Active Particles},
	volume = {125},
	url = {https://link.aps.org/doi/10.1103/PhysRevLett.125.038003},
	doi = {10.1103/PhysRevLett.125.038003},
	pages = {038003},
	number = {3},
	journal = {Physical Review Letters},
	shortjournal = {Phys. Rev. Lett.},
	author = {Loewe, B. and Chiang, M. and Marenduzzo, D. and Marchetti, M. C.},
	urldate = {2024-11-15},
	year = {2020},
	Tnote = {Publisher: American Physical Society},
	keywords = {phase\_field},
	file = {APS Snapshot:/home/marcos/Zotero/storage/93VRK234/PhysRevLett.125.html:text/html;Submitted Version:/home/marcos/Zotero/storage/RDRMXLLH/Loewe et al. - 2020 - Solid-Liquid Transition of Deformable and Overlapp.pdf:application/pdf},
}

@article{perez-verdugo_vertex_2020,
	title = {Vertex model instabilities for tissues subject to cellular activity or applied stresses},
	volume = {102},
	url = {https://link.aps.org/doi/10.1103/PhysRevE.102.052604},
	doi = {10.1103/PhysRevE.102.052604},
	pages = {052604},
	number = {5},
	journal = {Physical Review E},
	shortjournal = {Phys. Rev. E},
	author = {Pérez-Verdugo, F. and Joanny, J. and Soto, R.},
	urldate = {2024-11-15},
	year = {2020},
	Tnote = {Publisher: American Physical Society},
	keywords = {vertex},
	file = {APS Snapshot:/home/marcos/Zotero/storage/QKXVM3KA/PhysRevE.102.html:text/html;Submitted Version:/home/marcos/Zotero/storage/QLYAFXNJ/Pérez-Verdugo et al. - 2020 - Vertex model instabilities for tissues subject to .pdf:application/pdf},
}

@article{frascoli_computational_2013,
	title = {A Computational Model for Collective Cellular Motion in Three Dimensions: General Framework and Case Study for Cell Pair Dynamics},
	volume = {8},
	issn = {1932-6203},
	url = {https://journals.plos.org/plosone/article?id=10.1371/journal.pone.0059249},
	doi = {10.1371/journal.pone.0059249},
	shorttitle = {A Computational Model for Collective Cellular Motion in Three Dimensions},
	pages = {e59249},
	number = {3},
	journal = {{PLOS} {ONE}},
	shortjournal = {{PLOS} {ONE}},
	author = {Frascoli, F. and Hughes, B. D. and Zaman, M. H. and Landman, K. A.},
	urldate = {2024-11-15},
	year = {2013},
	langid = {english},
	Tnote = {Publisher: Public Library of Science},
	keywords = {Cell migration, Adhesives, Cell biology, Cell motility, Extracellular matrix, Extracellular matrix adhesions, Radii, Viscosity, sphere},
	file = {Full Text PDF:/home/marcos/Zotero/storage/86T9T66X/Frascoli et al. - 2013 - A Computational Model for Collective Cellular Moti.pdf:application/pdf},
}

@article{belmonte_self-propelled_2008,
	title = {Self-Propelled Particle Model for Cell-Sorting Phenomena},
	volume = {100},
	url = {https://link.aps.org/doi/10.1103/PhysRevLett.100.248702},
	doi = {10.1103/PhysRevLett.100.248702},
	pages = {248702},
	number = {24},
	journal = {Physical Review Letters},
	shortjournal = {Phys. Rev. Lett.},
	author = {Belmonte, J. M. and Thomas, G. L. and Brunnet, L. G. and de Almeida, R. M. C. and Chaté, H.},
	urldate = {2024-11-24},
	year = {2008},
	Tnote = {Publisher: American Physical Society},
	keywords = {point},
	file = {APS Snapshot:/home/marcos/Zotero/storage/9PT8CNSD/PhysRevLett.100.html:text/html;Full Text:/home/marcos/Zotero/storage/JJKRXBQI/Belmonte et al. - 2008 - Self-Propelled Particle Model for Cell-Sorting Phe.pdf:application/pdf},
}

@phdthesis{shourick_modelisation_2024,
title = {Mathematical and numerical modelling of collective movement in epithelia},
author = {Shourick, N.},
year = {2024},
school = {Doctoral school of mathematics, science and information technology (computer science) (Grenoble)},
Tnote = {Thèse de doctorat dirigée par Saramito, Pierre et Graner, François Mathématiques Appliquées Université Grenoble Alpes 2024},
Tnote = {s248494},
url = {/document},
}

@misc{setuptools,
  title = {{setuptools}},
  howpublished = {Disponível em: \url{https://setuptools.pypa.io/}},
  note = {Acesso em: 26 nov. 2024}
}

@misc{github,
  title = {{GitHub}},
  howpublished = {Disponível em: \url{https://github.com}},
  note = {Acesso em: 26 nov. 2024}
}

@article{voronoi,
author = {Aurenhammer, F.},
title = {Voronoi diagrams—a survey of a fundamental geometric data structure},
year = {1991},
issue_date = {Sept. 1991},
publisher = {Association for Computing Machinery},
address = {New York, NY, USA},
volume = {23},
number = {3},
issn = {0360-0300},
url = {https://doi.org/10.1145/116873.116880},
doi = {10.1145/116873.116880},
journal = {ACM Comput. Surv.},
month = sep,
pages = {345–405},
numpages = {61},
keywords = {proximity, randomized insertion, spanning tree, triangulation, cell complex, clustering, combinatorial complexity, convex hull, crystal structure, divide-and-conquer, geometric data structure, growth model, higher dimensional embedding, hyperplane arrangement, k-set, motion planning, neighbor searching, object modeling, plane-sweep}
}

@article{glazenburg_polarization_2023,
    author = {Glazenburg, M. M. and Laan, L.},
    title = {Complexity and self-organization in the evolution of cell polarization},
    journal = {Journal of Cell Science},
    volume = {136},
    number = {2},
    pages = {jcs259639},
    year = {2023},
    month = {01},
    issn = {0021-9533},
    doi = {10.1242/jcs.259639},
    url = {https://doi.org/10.1242/jcs.259639},
    eprint = {https://journals.biologists.com/jcs/article-pdf/136/2/jcs259639/2647505/jcs259639.pdf},
}


@article{kim_propulsion_2013,
	title = {Propulsion and navigation within the advancing monolayer sheet},
	volume = {12},
	rights = {2013 Springer Nature Limited},
	issn = {1476-4660},
	url = {https://www.nature.com/articles/nmat3689},
	doi = {10.1038/nmat3689},
	pages = {856--863},
	number = {9},
	journal = {Nature Materials},
	shortjournal = {Nature Mater},
	author = {Kim, J. H. and Serra-Picamal, X. and Tambe, D. T. and et al.},
	urldate = {2024-12-02},
	year = {2013},
	langid = {english},
	note = {Publisher: Nature Publishing Group},
	keywords = {Biomaterials – cells, Biomedical engineering, Materials science},
	file = {Full Text PDF:/home/marcos/Zotero/storage/P72L5C6P/Kim et al. - 2013 - Propulsion and navigation within the advancing mon.pdf:application/pdf},
}

@phdthesis{duran_2020,
url = {http://www.theses.fr/2020UNIP7059},
title = {Cell migration by forcing heterogeneity},
author = {Durande, M.},
school = {University of Paris},
year = {2020},
Tnote = {Thèse de doctorat dirigée par Graner, François et Delanoë-Ayari, Hélène Physique Université Paris Cité 2020},
Tnote = {2020UNIP7059},
}


